@article{Schrodinger:1926xyk,
    author = {Schr\"odinger, E.},
    title = "{Quantisierung als Eigenwertproblem}",
    doi = "10.1002/andp.19263861802",
    journal = "Annalen Phys.",
    volume = "386",
    number = "18",
    pages = "109--139",
    year = "1926"
}